<collection xmlns="http://www.loc.gov/MARC21/slim">
<record>
  <leader>01683nam0a2200253 i 450 </leader>
  <controlfield tag="001">IT\ICCU\CNCE\005958</controlfield>
  <controlfield tag="005">20050603000000.0</controlfield>
  <datafield tag="012" ind1=" " ind2=" ">
    <subfield code="a">lem- n-pa o.I. erca (3) 1555 (R)</subfield>
    <subfield code="2">fei</subfield>
  </datafield>
  <datafield tag="100" ind1=" " ind2=" ">
    <subfield code="a">19970101d1555        0itac0103    ba</subfield>
  </datafield>
  <datafield tag="101" ind1=" " ind2=" ">
    <subfield code="a">ITA</subfield>
    <subfield code="a">FRE</subfield>
  </datafield>
  <datafield tag="102" ind1=" " ind2=" ">
    <subfield code="a">CH</subfield>
  </datafield>
  <datafield tag="200" ind1="1" ind2=" ">
    <subfield code="a">Del Nuouo Testamento di Iesu Christo nostro signore, nuoua, e fedel traduttione dal testo greco in lingua volgare italiana: diligentemente conferita con molte altre traduttioni, e volgari, e latine: &amp; insieme pura e semplicemente tessuta con quella maggior chiarezza e facilit ̉di parlare, ch&apos;era possibile: fuggendo sempre (quanto per ̣la qualit ̉di tale Scrittura, e la natura de le cose che vi si contengono, poteua comportare) ogni durezza &amp; oscurit,̉ e sopra tutto ogni vana &amp; indegna affettatione d&apos;importuni e mal conuenienti toscanismi. Stampata di nuouo in compagnia d&apos;vn altra buona traduttione in lingua francese: &amp; amendue partite per versetti</subfield>
  </datafield>
  <datafield tag="210" ind1=" " ind2=" ">
    <subfield code="a">\Ginevra!</subfield>
    <subfield code="c">per Giouan Luigi Paschale</subfield>
    <subfield code="d">1555</subfield>
  </datafield>
  <datafield tag="215" ind1=" " ind2=" ">
    <subfield code="a">\8!, 342, 240, \10! c.</subfield>
    <subfield code="d">8ʻ</subfield>
  </datafield>
  <datafield tag="500" ind1="1" ind2="1">
    <subfield code="3">IT\ICCU\CNCE\005939</subfield>
    <subfield code="a">Bibbia. Nuovo Testamento</subfield>
  </datafield>
  <datafield tag="620" ind1=" " ind2=" ">
    <subfield code="a">CH</subfield>
    <subfield code="d">Ginevra</subfield>
  </datafield>
  <datafield tag="712" ind1="0" ind2="0">
    <subfield code="a">Pascale, Giovanni Luigi</subfield>
    <subfield code="3">IT\ICCU\CNCT\001047</subfield>
    <subfield code="4">650</subfield>
  </datafield>
  <datafield tag="791" ind1="0" ind2="0">
    <subfield code="a">Pasquale, Giovanni Luigi</subfield>
    <subfield code="3">IT\ICCU\CNCT\002465</subfield>
    <subfield code="z">Pascale, Giovanni Luigi</subfield>
  </datafield>
  <datafield tag="791" ind1="0" ind2="0">
    <subfield code="a">Paschale, Giovanni Luigi</subfield>
    <subfield code="3">IT\ICCU\CNCT\004021</subfield>
    <subfield code="z">Pascale, Giovanni Luigi</subfield>
  </datafield>
  <datafield tag="791" ind1="0" ind2="0">
    <subfield code="a">Paschal, Jean-Louis</subfield>
    <subfield code="3">IT\ICCU\CNCT\005280</subfield>
    <subfield code="z">Pascale, Giovanni Luigi</subfield>
  </datafield>
  <datafield tag="801" ind1=" " ind2="3">
    <subfield code="a">IT</subfield>
    <subfield code="b">ICCU</subfield>
    <subfield code="c">20201113</subfield>
  </datafield>
  <datafield tag="899" ind1=" " ind2=" ">
    <subfield code="a">Biblioteca estera - Biblioteca Nacional de Espaą. Madrid</subfield>
    <subfield code="1">AA0001</subfield>
  </datafield>
  <datafield tag="899" ind1=" " ind2=" ">
    <subfield code="a">Biblioteca nazionale centrale. Firenze</subfield>
    <subfield code="1">FI0098</subfield>
    <subfield code="2">CFI CF</subfield>
  </datafield>
  <datafield tag="899" ind1=" " ind2=" ">
    <subfield code="a">Biblioteca nazionale Braidense. Milano</subfield>
    <subfield code="1">MI0185</subfield>
    <subfield code="2">MIL NB</subfield>
  </datafield>
</record>
</collection>
